@article{Schroeren:2012eu,
    author = "Schroeren, David P.B.",
    title = "{Decoherent Histories of Spin Networks}",
    eprint = "1206.4553",
    archivePrefix = "arXiv",
    primaryClass = "gr-qc",
    doi = "10.1007/s10701-013-9698-4",
    journal = "Foundations of Physics",
    volume = "43",
    pages = "310--328",
    year = "2013"
}

@article{Flanagan:1996gw,
    author = "Flanagan, Eanna E. and Wald, Robert M.",
    title = "{Does back reaction enforce the averaged null energy condition in semiclassical gravity?}",
    eprint = "gr-qc/9602052",
    archivePrefix = "arXiv",
    reportNumber = "EFI-96-08",
    doi = "10.1103/PhysRevD.54.6233",
    journal = "Phys. Rev. D",
    volume = "54",
    pages = "6233--6283",
    year = "1996"
}

@book{Hawking1973,
    author = "Hawking, S.W. and Ellis, G.F.R.",
    title = "{The Large Scale Structure of Space-Time}",
    doi = "10.1017/CBO9780511524646",
    isbn = "978-0-521-20016-5, 978-0-521-09906-6, 978-0-511-82630-6, 978-0-521-09906-6",
    publisher = "Cambridge University Press",
    series = "Cambridge Monographs on Mathematical Physics",
    month = "2",
    year = "2011"
}

@book{wald1989,
  author  = {Wald, Robert M.},
  title = {General Relativity},
  address = {Chicago},
  publisher = {The University of Chicago Press},
  year  = {1989}
}

@book{liang3,
  author = {梁灿彬},
  key = {liang2 can4 bin1},
  title = {微分几何入门与广义相对论},
  address = {北京},
  publisher = {科学出版社},
  year = {2009},
  volume = {下册},
  edition = 2
}

@book{Thiemann2007,
    author = "Thiemann, Thomas",
    title = "{Modern Canonical Quantum General Relativity}",
    doi = "10.1017/CBO9780511755682",
    isbn = "978-0-511-75568-2, 978-0-521-84263-1",
    publisher = "Cambridge University Press",
    address = {Cambridge},
    series = "Cambridge Monographs on Mathematical Physics",
    year = "2007"
}

@book{dirac2001lectures,
  title={Lectures on Quantum Mechanics},
  author={P.A.M.Dirac},
  isbn={9780486417134},
  lccn={00065608},
  series={Belfer Graduate School of Science, monograph series},
  url={https://books.google.com.hk/books?id=GVwzb1rZW9kC},
  year={2001},
  publisher={Dover Publications}
}

@inproceddings{Thiemann0210094,
  author= "Thiemann, Thomas",
  title          = "{Lectures on loop quantum gravity}",
  booktitle      = "{Proceedings,  271st WE-Heraeus Seminar on Aspects of Quantum Gravity: From Theory to Experiment Search: Bad Honnef, Germany, February 25-March 1, 2002}",
  series        = "Lect. Notes Phys.",
  chapter       = "3",
  volume         = "631",
  year           = "2003",
  pages          = "41-135",
  doi            = "10.1007/978-3-540-45230-0\_3",
  eprint         = "gr-qc/0210094",
  archivePrefix  = "arXiv",
  primaryClass   = "gr-qc",
  reportNumber   = "AEI-2002-087",
  SLACcitation   = "%%CITATION = GR-QC/0210094;%%"
}

@article{Thiemann1996aw,
    author = "Thiemann, T.",
    archivePrefix = "arXiv",
    doi = "10.1088/0264-9381/15/4/011",
    eprint = "gr-qc/9606089",
    journal = "Class. Quant. Grav.",
    pages = "839--873",
    reportNumber = "HUTMP-96-B-351A",
    title = "{Quantum spin dynamics (QSD)}",
    volume = "15",
    year = "1998"
}

@article{Thiemann1996av,
    author = "Thiemann, T.",
    archivePrefix = "arXiv",
    doi = "10.1088/0264-9381/15/4/012",
    eprint = "gr-qc/9606090",
    journal = "Class. Quant. Grav.",
    pages = "875--905",
    reportNumber = "HUTMP-96-B-352",
    title = "{Quantum spin dynamics (qsd). 2.}",
    volume = "15",
    year = "1998"
}

@article{Thiemann:1996at,
    author = "Thiemann, T.",
    title = "{A Length operator for canonical quantum gravity}",
    eprint = "gr-qc/9606092",
    archivePrefix = "arXiv",
    reportNumber = "HUTMP-96-B-354",
    doi = "10.1063/1.532445",
    journal = "J. Math. Phys.",
    volume = "39",
    pages = "3372--3392",
    year = "1998"
}

@article{Thiemann1997rt,
    author = "Thiemann, T.",
    title = "{QSD 5: Quantum gravity as the natural regulator of matter quantum field theories}",
    eprint = "gr-qc/9705019",
    archivePrefix = "arXiv",
    reportNumber = "HUTMP-96-B-357",
    doi = "10.1088/0264-9381/15/5/012",
    journal = "Class. Quant. Grav.",
    volume = "15",
    pages = "1281--1314",
    year = "1998"
}

@article{Thiemann2002,
    author = "Thiemann, Thomas",
    title = "{Complexifier coherent states for quantum general relativity}",
    eprint = "gr-qc/0206037",
    archivePrefix = "arXiv",
    reportNumber = "AEI-2002-045",
    doi = "10.1088/0264-9381/23/6/013",
    journal = "Class. Quant. Grav.",
    volume = "23",
    pages = "2063--2118",
    year = "2006"
}

@article{Thiemann2003zv,
    author = "Thiemann, Thomas",
    archivePrefix = "arXiv",
    doi = "10.1088/0264-9381/23/7/002",
    eprint = "gr-qc/0305080",
    journal = "Class. Quant. Grav.",
    pages = "2211--2248",
    reportNumber = "AEI-2003-047, PI-2003-003",
    title = "{The Phoenix project: Master constraint program for loop quantum gravity}",
    volume = "23",
    year = "2006"
}

@article{Thiemann:2005zg,
    author = "Thiemann, Thomas",
    title = "{Quantum spin dynamics. VIII. The Master constraint}",
    eprint = "gr-qc/0510011",
    archivePrefix = "arXiv",
    reportNumber = "AEI-2005-152",
    doi = "10.1088/0264-9381/23/7/003",
    journal = "Class. Quant. Grav.",
    volume = "23",
    pages = "2249--2266",
    year = "2006"
}

@article{Dittrich:2004bn,
    author = "Dittrich, Bianca and Thiemann, Thomas",
    title = "{Testing the master constraint programme for loop quantum gravity. I. General framework}",
    eprint = "gr-qc/0411138",
    archivePrefix = "arXiv",
    reportNumber = "AEI-2004-116",
    doi = "10.1088/0264-9381/23/4/001",
    journal = "Class. Quant. Grav.",
    volume = "23",
    pages = "1025--1066",
    year = "2006"
}

@article{Dittrich:2004bp,
    author = "Dittrich, Bianca and Thiemann, Thomas",
    title = "{Testing the master constraint programme for loop quantum gravity. II. Finite dimensional systems}",
    eprint = "gr-qc/0411139",
    archivePrefix = "arXiv",
    reportNumber = "AEI-2004-117",
    doi = "10.1088/0264-9381/23/4/002",
    journal = "Class. Quant. Grav.",
    volume = "23",
    pages = "1067--1088",
    year = "2006"
}

@article{Dittrich:2004bq,
    author = "Dittrich, Bianca and Thiemann, Thomas",
    title = "{Testing the master constraint programme for loop quantum gravity. III. SL(2,R) models}",
    eprint = "gr-qc/0411140",
    archivePrefix = "arXiv",
    reportNumber = "AEI-2004-118",
    doi = "10.1088/0264-9381/23/4/003",
    journal = "Class. Quant. Grav.",
    volume = "23",
    pages = "1089--1120",
    year = "2006"
}

@article{Dittrich:2004br,
    author = "Dittrich, Bianca and Thiemann, Thomas",
    title = "{Testing the master constraint programme for loop quantum gravity. IV. Free field theories}",
    eprint = "gr-qc/0411141",
    archivePrefix = "arXiv",
    reportNumber = "AEI-2004-119",
    doi = "10.1088/0264-9381/23/4/004",
    journal = "Class. Quant. Grav.",
    volume = "23",
    pages = "1121--1142",
    year = "2006"
}

@article{Dittrich:2004bs,
    author = "Dittrich, Bianca and Thiemann, Thomas",
    title = "{Testing the master constraint programme for loop quantum gravity. V. Interacting field theories}",
    eprint = "gr-qc/0411142",
    archivePrefix = "arXiv",
    reportNumber = "AEI-2004-120",
    doi = "10.1088/0264-9381/23/4/005",
    journal = "Class. Quant. Grav.",
    volume = "23",
    pages = "1143--1162",
    year = "2006"
}

@article{Giesel:2006uj,
    author = "Giesel, K. and Thiemann, T.",
    title = "{Algebraic Quantum Gravity (AQG). I. Conceptual Setup}",
    eprint = "gr-qc/0607099",
    archivePrefix = "arXiv",
    reportNumber = "AEI-2006-058",
    doi = "10.1088/0264-9381/24/10/003",
    journal = "Class. Quant. Grav.",
    volume = "24",
    pages = "2465--2498",
    year = "2007"
}

@article{Giesel:2006uk,
    author = "Giesel, K. and Thiemann, T.",
    title = "{Algebraic Quantum Gravity (AQG). II. Semiclassical Analysis}",
    eprint = "gr-qc/0607100",
    archivePrefix = "arXiv",
    reportNumber = "AEI-2006-59",
    doi = "10.1088/0264-9381/24/10/004",
    journal = "Class. Quant. Grav.",
    volume = "24",
    pages = "2499--2564",
    year = "2007"
}

@article{arXiv9812024,
  author         = "Giulini, Domenico and Marolf, Donald",
  title          = "{On the generality of refined algebraic quantization}",
  journal        = "Class. Quant. Grav.",
  volume         = "16",
  year           = "1999",
  pages          = "2479-2488",
  doi            = "10.1088/0264-9381/16/7/321",
  eprint         = "gr-qc/9812024",
  archivePrefix  = "arXiv",
  primaryClass   = "gr-qc",
  reportNumber   = "ZU-TH-98-20, SU-GP-98-10-1",
  SLACcitation   = "%%CITATION = GR-QC/9812024;%%"
}

@article{Ashtekar1986,
  author       = "Ashtekar, A.",
  title        = "{New Variables for Classical and Quantum Gravity}",
  journal      = "Phys. Rev. Lett.",
  volume       = "57",
  year         = "1986",
  pages        = "2244-2247",
  doi          = "10.1103/PhysRevLett.57.2244",
  SLACcitation = "%%CITATION = PRLTA,57,2244;%%"
}

@article{Ashtekar1987,
  author = "Ashtekar, A.",
  doi = "10.1103/PhysRevD.36.1587",
  journal = "Phys. Rev. D",
  pages = "1587--1602",
  title = "{New Hamiltonian Formulation of General Relativity}",
  volume = "36",
  year = "1987"
}

@article{Ashtekar1994,
    author = "Ashtekar, Abhay and Lewandowski, Jerzy",
    title = "{Projective techniques and functional integration for gauge theories}",
    eprint = "gr-qc/9411046",
    archivePrefix = "arXiv",
    reportNumber = "CGPG-94-10-6",
    doi = "10.1063/1.531037",
    journal = "J. Math. Phys.",
    volume = "36",
    pages = "2170--2191",
    year = "1995"
}

@article{Ashtekar1994nx,
    author = "Ashtekar, Abhay and Lewandowski, Jerzy and Marolf, Donald and Mourao, Jose and Thiemann, Thomas",
    title = "{Coherent state transforms for spaces of connections}",
    eprint = "gr-qc/9412014",
    archivePrefix = "arXiv",
    reportNumber = "CGPG-94-12-02, UCSBTH-94-49",
    doi = "10.1006/jfan.1996.0018",
    journal = "J. Funct. Anal.",
    volume = "135",
    pages = "519--551",
    year = "1996"
}

@article{Ashtekar:1994wa,
    author = "Ashtekar, Abhay and Lewandowski, Jerzy",
    title = "{Differential geometry on the space of connections via graphs and projective limits}",
    eprint = "hep-th/9412073",
    archivePrefix = "arXiv",
    reportNumber = "CGPG-94-12-04",
    doi = "10.1016/0393-0440(95)00028-G",
    journal = "J. Geom. Phys.",
    volume = "17",
    pages = "191--230",
    year = "1995"
}

@article{Ashtekar:1996eg,
    author = "Ashtekar, Abhay and Lewandowski, Jerzy",
    title = "{Quantum theory of geometry. 1: Area operators}",
    eprint = "gr-qc/9602046",
    archivePrefix = "arXiv",
    reportNumber = "CGPG-96-2-4",
    doi = "10.1088/0264-9381/14/1A/006",
    journal = "Class. Quant. Grav.",
    volume = "14",
    pages = "A55--A82",
    year = "1997"
}

@article{Ashtekar:1997fb,
    author = "Ashtekar, Abhay and Lewandowski, Jerzy",
    title = "{Quantum theory of geometry. 2. Volume operators}",
    eprint = "gr-qc/9711031",
    archivePrefix = "arXiv",
    reportNumber = "CGPG-97-11-1",
    doi = "10.4310/ATMP.1997.v1.n2.a8",
    journal = "Adv. Theor. Math. Phys.",
    volume = "1",
    pages = "388--429",
    year = "1998"
}

@inbook{Ashtekar:1998ue,
    author = "Ashtekar, Abhay and Krasnov, Kirill",
    editor = "Iyer, Bala R. and Bhawal, Biblap",
    title = "{Quantum geometry and black holes}",
    booktitle = "{Black Holes, Gravitational Radiation and the Universe}: {Essays in Honor of C.V. Vishveshwara}",
    eprint = "gr-qc/9804039",
    archivePrefix = "arXiv",
    reportNumber = "CGPG-98-4-2",
    doi = "10.1007/978-94-017-0934-7\_10",
    pages = "149--170",
    month = "4",
    year = "1998"
}

@article{Ashtekar:2003hd,
    author = "Ashtekar, Abhay and Bojowald, Martin and Lewandowski, Jerzy",
    title = "{Mathematical structure of loop quantum cosmology}",
    eprint = "gr-qc/0304074",
    archivePrefix = "arXiv",
    reportNumber = "CGPG-03-4-4",
    doi = "10.4310/ATMP.2003.v7.n2.a2",
    journal = "Adv. Theor. Math. Phys.",
    volume = "7",
    number = "2",
    pages = "233--268",
    year = "2003"
}

@article{Ashtekar2004,
  author        = "Ashtekar, Abhay and Lewandowski, Jerzy",
  title         = "{Background Independent Quantum Gravity: A Status Report}",
  journal       = "Class. Quant. Grav.",
  volume        = "21",
  year          = "2004",
  pages         = "R53",
  doi           = "10.1088/0264-9381/21/15/R01",
  eprint        = "gr-qc/0404018",
  archivePrefix = "arXiv",
  primaryClass  = "gr-qc",
  SLACcitation  = "%%CITATION = GR-QC/0404018;%%"
}

@article{Ashtekar:2005qt,
    author = "Ashtekar, Abhay and Bojowald, Martin",
    title = "{Quantum geometry and the Schwarzschild singularity}",
    eprint = "gr-qc/0509075",
    archivePrefix = "arXiv",
    reportNumber = "IGPG-05-09-01, AEI-2005-132",
    doi = "10.1088/0264-9381/23/2/008",
    journal = "Class. Quant. Grav.",
    volume = "23",
    pages = "391--411",
    year = "2006"
}

@article{Ashtekar:2011ni,
    author = "Ashtekar, Abhay and Singh, Parampreet",
    title = "{Loop Quantum Cosmology: A Status Report}",
    eprint = "1108.0893",
    archivePrefix = "arXiv",
    primaryClass = "gr-qc",
    doi = "10.1088/0264-9381/28/21/213001",
    journal = "Class. Quant. Grav.",
    volume = "28",
    pages = "213001",
    year = "2011"
}

@article{Ashtekar:2018cay,
    author = "Ashtekar, Abhay and Olmedo, Javier and Singh, Parampreet",
    title = "{Quantum extension of the Kruskal spacetime}",
    eprint = "1806.02406",
    archivePrefix = "arXiv",
    primaryClass = "gr-qc",
    doi = "10.1103/PhysRevD.98.126003",
    journal = "Phys. Rev. D",
    volume = "98",
    number = "12",
    pages = "126003",
    year = "2018"
}

@article{Ashtekar:2018lag,
    author = "Ashtekar, Abhay and Olmedo, Javier and Singh, Parampreet",
    title = "{Quantum Transfiguration of Kruskal Black Holes}",
    eprint = "1806.00648",
    archivePrefix = "arXiv",
    primaryClass = "gr-qc",
    doi = "10.1103/PhysRevLett.121.241301",
    journal = "Phys. Rev. Lett.",
    volume = "121",
    number = "24",
    pages = "241301",
    year = "2018"
}

@book{Baez1994,
  author = {Baez, John and Muniain, Javier P},
  title = {Gauge Fields, Knots and Gravity},
  series={Series on Knots and Everything},
  publisher = {World Scientific},
  year = {1994},
  doi = {10.1142/2324},
  address = {Singapore},
  edition   = {},
  URL = {https://www.worldscientific.com/doi/abs/10.1142/2324},
  eprint = {https://www.worldscientific.com/doi/pdf/10.1142/2324},
  SLACcitation = "%%CITATION = INSPIRE-397363;%%"
}

@article{Baez1999,
    author = "Baez, J. C.",
    archivePrefix = "arXiv",
    doi = "10.1007/3-540-46552-9\_2",
    eprint = "gr-qc/9905087",
    journal = "Lect. Notes Phys.",
    pages = "25--94",
    title = "{An Introduction to spin foam models of quantum gravity and BF theory}",
    volume = "543",
    year = "2000"
}

@article{Bohmer:2007wi,
    author = "Boehmer, Christian G. and Vandersloot, Kevin",
    title = "{Loop Quantum Dynamics of the Schwarzschild Interior}",
    eprint = "0709.2129",
    archivePrefix = "arXiv",
    primaryClass = "gr-qc",
    doi = "10.1103/PhysRevD.76.104030",
    journal = "Phys. Rev. D",
    volume = "76",
    pages = "104030",
    year = "2007"
}

@article{Olmedo:2017lvt,
    author = "Olmedo, Javier and Saini, Sahil and Singh, Parampreet",
    title = "{From black holes to white holes: a quantum gravitational, symmetric bounce}",
    eprint = "1707.07333",
    archivePrefix = "arXiv",
    primaryClass = "gr-qc",
    doi = "10.1088/1361-6382/aa8da8",
    journal = "Class. Quant. Grav.",
    volume = "34",
    number = "22",
    pages = "225011",
    year = "2017"
}

@article{Rovelli1988,
  title = {Knot Theory and Quantum Gravity},
  author = {Rovelli, Carlo and Smolin, Lee},
  journal = {Phys. Rev. Lett.},
  volume = {61},
  issue = {10},
  pages = {1155--1158},
  numpages = {0},
  year = {1988},
  month = {Sep},
  publisher = {American Physical Society},
  doi = {10.1103/PhysRevLett.61.1155},
  url = {https://link.aps.org/doi/10.1103/PhysRevLett.61.1155}
}

@article{Rovelli1989,
  author = "Rovelli, Carlo and Smolin, Lee",
  doi = "10.1016/0550-3213(90)90019-A",
  journal = "Nucl. Phys. B",
  pages = "80--152",
  reportNumber = "Print-89-0306 (SYRACUSE)",
  title = "{Loop Space Representation of Quantum General Relativity}",
  volume = "331",
  year = "1990"
}

@article{Rovelli1994,
    author = "Rovelli, Carlo and Smolin, Lee",
    archivePrefix = "arXiv",
    doi = "10.1016/0550-3213(95)00150-Q",
    eprint = "gr-qc/9411005",
    journal = "Nucl. Phys. B",
    note = "[Erratum: Nucl.Phys.B 456, 753--754 (1995)]",
    pages = "593--622",
    reportNumber = "CGPG-94-11-1",
    title = "{Discreteness of area and volume in quantum gravity}",
    volume = "442",
    year = "1995"
}

@book{Rovelli2004,
    author = "Rovelli, Carlo",
    title = "{Quantum gravity}",
    doi = "10.1017/CBO9780511755804",
    publisher = "Univ. Pr.",
    address = "Cambridge, UK",
    series = "Cambridge Monographs on Mathematical Physics",
    year = "2004"
}

@article{EPRL2008,
    author = "Engle, Jonathan and Livine, Etera and Pereira, Roberto and Rovelli, Carlo",
    title = "{LQG vertex with finite Immirzi parameter}",
    eprint = "0711.0146",
    archivePrefix = "arXiv",
    primaryClass = "gr-qc",
    doi = "10.1016/j.nuclphysb.2008.02.018",
    journal = "Nucl. Phys. B",
    volume = "799",
    pages = "136--149",
    year = "2008"
}

@inproceddings{Rovelli2011,
    author = "Rovelli, Carlo",
    editor = "Barrett, John and Giesel, Kristina and Hellmann, Frank and Jonke, Larisa and Krajewski, Thomas and Lewandowski, Jerzy and Rovelli, Carlo and Sahlmann, Hanno and Steinacker, Harold",
    title = "{Zakopane lectures on loop gravity}",
    eprint = "1102.3660",
    archivePrefix = "arXiv",
    primaryClass = "gr-qc",
    doi = "10.22323/1.140.0003",
    booktitle = "{Proceedings, 3rd Quantum Geometry and Quantum Gravity School}: {Zakopane, Poland, February 28-March 13, 2011}",
    volume = "QGQGS2011",
    pages = "003",
    year = "2011"
}

@article{Rovelli2010,
    author = "Rovelli, Carlo",
    editor = "Aldaya, Victor and Barcelo, Carlos and Jaramillo, Jose Luis",
    title = "{Simple model for quantum general relativity from loop quantum gravity}",
    eprint = "1010.1939",
    archivePrefix = "arXiv",
    primaryClass = "hep-th",
    doi = "10.1088/1742-6596/314/1/012006",
    journal = "J. Phys. Conf. Ser.",
    volume = "314",
    pages = "012006",
    year = "2011"
}

@article{Rovelli:2010qx,
    author = "Rovelli, Carlo and Smerlak, Matteo",
    title = "{In quantum gravity, summing is refining}",
    eprint = "1010.5437",
    archivePrefix = "arXiv",
    primaryClass = "gr-qc",
    doi = "10.1088/0264-9381/29/5/055004",
    journal = "Class. Quant. Grav.",
    volume = "29",
    pages = "055004",
    year = "2012"
}

@article{Han2005,
    author = "Han, Muxin and Huang, Weiming and Ma, Yongge",
    archivePrefix = "arXiv",
    doi = "10.1142/S0218271807010894",
    eprint = "gr-qc/0509064",
    journal = "Int. J. Mod. Phys. D",
    pages = "1397--1474",
    title = "{Fundamental structure of loop quantum gravity}",
    volume = "16",
    year = "2007"
}

@article{Han2011,
    author = "Han, Muxin and Rovelli, Carlo",
    title = "{Spin-foam Fermions: PCT Symmetry, Dirac Determinant, and Correlation Functions}",
    eprint = "1101.3264",
    archivePrefix = "arXiv",
    primaryClass = "gr-qc",
    doi = "10.1088/0264-9381/30/7/075007",
    journal = "Class. Quant. Grav.",
    volume = "30",
    pages = "075007",
    year = "2013"
}

@article{Han2011rf,
    author = "Han, Mu-Xin and Zhang, Mingyi",
    title = "{Asymptotics of Spinfoam Amplitude on Simplicial Manifold: Euclidean Theory}",
    eprint = "1109.0500",
    archivePrefix = "arXiv",
    primaryClass = "gr-qc",
    doi = "10.1088/0264-9381/29/16/165004",
    journal = "Class. Quant. Grav.",
    volume = "29",
    pages = "165004",
    year = "2012"
}

@article{Han2011re,
    author = "Han, Muxin and Zhang, Mingyi",
    title = "{Asymptotics of Spinfoam Amplitude on Simplicial Manifold: Lorentzian Theory}",
    eprint = "1109.0499",
    archivePrefix = "arXiv",
    primaryClass = "gr-qc",
    doi = "10.1088/0264-9381/30/16/165012",
    journal = "Class. Quant. Grav.",
    volume = "30",
    pages = "165012",
    year = "2013"
}

@book{Nakahara2003,
  title={Geometry, Topology and Physics, Second Edition},
  author={Nakahara, M.},
  isbn={9780750306065},
  lccn={2003282202},
  series={Graduate student series in physics},
  url={https://books.google.com/books?id=cH-XQB0Ex5wC},
  year={2003},
  publisher={Taylor \& Francis}
}

@book{munkres2000topology,
  title={Topology},
  author={Munkres, J.R.},
  isbn={9780131816299},
  lccn={99052942},
  series={Featured Titles for Topology},
  url={https://books.google.com.hk/books?id=XjoZAQAAIAAJ},
  year={2000},
  publisher={Prentice Hall, Incorporated}
}

@article{Misner1957,
  title = {Feynman Quantization of General Relativity},
  author = {Misner, Charles W.},
  journal = {Rev. Mod. Phys.},
  volume = {29},
  issue = {3},
  pages = {497--509},
  numpages = {0},
  year = {1957},
  month = {Jul},
  publisher = {American Physical Society},
  doi = {10.1103/RevModPhys.29.497},
  url = {https://link.aps.org/doi/10.1103/RevModPhys.29.497}
}

@incollection{Regge1968,
title = {SEMICLASSICAL LIMIT OF RACAH COEFFICIENTS.},
author = {Ponzano, G and Regge, T},
publisher = {North-Holland Publishing Company},
address = {Amsterdam},
booktitle = {Spectroscopic and Group Theoretical Methods in Physics},
pages = {1-58},
editor  = {Felix Bloch},
year = {1968},
}

@article{Regge1961,
    author = "Regge, T.",
    title = "{GENERAL RELATIVITY WITHOUT COORDINATES}",
    doi = "10.1007/BF02733251",
    journal = "Nuovo Cim.",
    volume = "19",
    pages = "558--571",
    year = "1961",
    url  = "https://doi.org/10.1007/BF02733251"
}

@article{Turaev1992,
title = "State sum invariants of 3-manifolds and quantum 6j-symbols",
journal = "Topology",
volume = "31",
number = "4",
pages = "865 - 902",
year = "1992",
issn = "0040-9383",
doi = "https://doi.org/10.1016/0040-9383(92)90015-A",
url = "http://www.sciencedirect.com/science/article/pii/004093839290015A",
author = "V.G. Turaev and O.Y. Viro"
}

@article{Bianchi2009,
    author = "Bianchi, Eugenio and Magliaro, Elena and Perini, Claudio",
    title = "{Coherent spin-networks}",
    eprint = "0912.4054",
    archivePrefix = "arXiv",
    primaryClass = "gr-qc",
    doi = "10.1103/PhysRevD.82.024012",
    journal = "Phys. Rev. D",
    volume = "82",
    pages = "024012",
    year = "2010"
}

@article{Bianchi2010bn,
    author = "Bianchi, Eugenio and Han, Muxin and Rovelli, Carlo and Wieland, Wolfgang and Magliaro, Elena and Perini, Claudio",
    title = "{Spinfoam fermions}",
    eprint = "1012.4719",
    archivePrefix = "arXiv",
    primaryClass = "gr-qc",
    doi = "10.1088/0264-9381/30/23/235023",
    journal = "Class. Quant. Grav.",
    volume = "30",
    pages = "235023",
    year = "2013"
}

@article{Bianchi2010,
    author = "Bianchi, Eugenio and Magliaro, Elena and Perini, Claudio",
    title = "{Spinfoams in the holomorphic representation}",
    eprint = "1004.4550",
    archivePrefix = "arXiv",
    primaryClass = "gr-qc",
    doi = "10.1103/PhysRevD.82.124031",
    journal = "Phys. Rev. D",
    volume = "82",
    pages = "124031",
    year = "2010"
}

@inbook{Bianchi2017,
    author = {Eugenio, Bianchi},
    editor = "Ashtekar, Abhay and Pullin, Jorge",
    title = "{Spinfoam Gravity}",
    booktitle = "{Loop Quantum Gravity}: {The First 30 Years}",
    doi = "10.1142/9789813220003\_0004",
    publisher = "WSP",
    pages = "97--124",
    year = "2017",
    chapter = {Chapter 3}
}

@article{Freidel1999,
    author = "Freidel L. and Krasnov K.",
    title = "{Spin Foam Models and the Classical Action Principle}",
    journal = "Adv. Theor. Math. Phys.",
    volume = "2",
    pages = "1183–1247",
    year = "1999"
}

@article{Freidel:2007py,
    author = "Freidel, Laurent and Krasnov, Kirill",
    title = "{A New Spin Foam Model for 4d Gravity}",
    eprint = "0708.1595",
    archivePrefix = "arXiv",
    primaryClass = "gr-qc",
    doi = "10.1088/0264-9381/25/12/125018",
    journal = "Class. Quant. Grav.",
    volume = "25",
    pages = "125018",
    year = "2008"
}

@article{Barrett1998,
    author = "Barrett, John W. and Crane, Louis",
    title = "{Relativistic spin networks and quantum gravity}",
    eprint = "gr-qc/9709028",
    archivePrefix = "arXiv",
    doi = "10.1063/1.532254",
    journal = "J. Math. Phys.",
    volume = "39",
    pages = "3296--3302",
    year = "1998"
}

@article{Barrett2009,
    author = "Barrett, John W. and Dowdall, R.J. and Fairbairn, Winston J. and Gomes, Henrique and Hellmann, Frank",
    title = "{Asymptotic analysis of the EPRL four-simplex amplitude}",
    eprint = "0902.1170",
    archivePrefix = "arXiv",
    primaryClass = "gr-qc",
    doi = "10.1063/1.3244218",
    journal = "J. Math. Phys.",
    volume = "50",
    pages = "112504",
    year = "2009"
}

@article{Martin-Dussaud2019,
    author = "Martin-Dussaud, Pierre",
    title = "{A Primer of Group Theory for Loop Quantum Gravity and Spin-foams}",
    eprint = "1902.08439",
    archivePrefix = "arXiv",
    primaryClass = "math-ph",
    doi = "10.1007/s10714-019-2583-5",
    journal = "Gen. Rel. Grav.",
    volume = "51",
    number = "9",
    pages = "110",
    year = "2019"
}

@article{Livine2007,
    author = "Livine, Etera R. and Speziale, Simone",
    title = "{A New spinfoam vertex for quantum gravity}",
    eprint = "0705.0674",
    archivePrefix = "arXiv",
    primaryClass = "gr-qc",
    reportNumber = "PI-QG-45",
    doi = "10.1103/PhysRevD.76.084028",
    journal = "Phys. Rev. D",
    volume = "76",
    pages = "084028",
    year = "2007"
}

@article{Flori2009,
    author = "Flori, Cecilia",
    title = "{Semiclassical analysis of the Loop Quantum Gravity volume operator: Area Coherent States}",
    eprint = "0904.1303",
    archivePrefix = "arXiv",
    primaryClass = "gr-qc",
    month = "4",
    year = "2009"
}

@article{Bahr2007,
    author = "Bahr, Benjamin and Thiemann, Thomas",
    title = "{Gauge-invariant coherent states for loop quantum gravity. II. Non-Abelian gauge groups}",
    eprint = "0709.4636",
    archivePrefix = "arXiv",
    primaryClass = "gr-qc",
    doi = "10.1088/0264-9381/26/4/045012",
    journal = "Class. Quant. Grav.",
    volume = "26",
    pages = "045012",
    year = "2009"
}

@article{Perelomov2002,
    title={Coherent states for arbitrary Lie group},
    author={A. M. Perelomov},
    year={2002},
    eprint={math-ph/0203002},
    archivePrefix={arXiv},
    primaryClass={math-ph}
}

@article{Perelomov1971,
    author = "Perelomov, A.M.",
    title = "{Coherent states for arbitrary lie groups}",
    doi = "10.1007/BF01645091",
    journal = "Commun. Math. Phys.",
    volume = "26",
    pages = "222--236",
    year = "1972"
}

@article{Alexander2011,
    author = "Alexander, Stephon and Marcianò, Antonino and Tacchi, Ruggero Altair",
    title = "{Towards a Loop Quantum Gravity and Yang--Mills unification}",
    eprint = "1105.3480",
    archivePrefix = "arXiv",
    primaryClass = "gr-qc",
    doi = "10.1016/j.physletb.2012.07.034",
    journal = "Phys. Lett. B",
    volume = "716",
    pages = "330--333",
    year = "2012"
}

@article{Mikovic2002,
    author = "Mikovic, Aleksandar R.",
    title = "{Spin foam models of Yang-Mills theory coupled to gravity}",
    eprint = "gr-qc/0210051",
    archivePrefix = "arXiv",
    doi = "10.1088/0264-9381/20/1/317",
    journal = "Class. Quant. Grav.",
    volume = "20",
    pages = "239--246",
    year = "2003"
}

@article{Speziale2007mt,
    author = "Speziale, Simone",
    title = "{Coupling gauge theory to spinfoam 3d quantum gravity}",
    eprint = "0706.1534",
    archivePrefix = "arXiv",
    primaryClass = "gr-qc",
    reportNumber = "PI-QG-46",
    doi = "10.1088/0264-9381/24/20/014",
    journal = "Class. Quant. Grav.",
    volume = "24",
    pages = "5139--5160",
    year = "2007"
}

@article{Bojowald:1999eh,
    author = "Bojowald, M. and Kastrup, H.A.",
    title = "{Quantum symmetry reduction for diffeomorphism invariant theories of connections}",
    eprint = "hep-th/9907042",
    archivePrefix = "arXiv",
    reportNumber = "PITHA-99-23",
    doi = "10.1088/0264-9381/17/15/311",
    journal = "Class. Quant. Grav.",
    volume = "17",
    pages = "3009--3043",
    year = "2000"
}

@article{Bojowald:2001xe,
    author = "Bojowald, Martin",
    title = "{Absence of singularity in loop quantum cosmology}",
    eprint = "gr-qc/0102069",
    archivePrefix = "arXiv",
    reportNumber = "CGPG-01-2-1",
    doi = "10.1103/PhysRevLett.86.5227",
    journal = "Phys. Rev. Lett.",
    volume = "86",
    pages = "5227--5230",
    year = "2001"
}

@article{Bojowald:2002nz,
    author = "Bojowald, Martin",
    title = "{Inflation from quantum geometry}",
    eprint = "gr-qc/0206054",
    archivePrefix = "arXiv",
    reportNumber = "CGPG-02-6-2",
    doi = "10.1103/PhysRevLett.89.261301",
    journal = "Phys. Rev. Lett.",
    volume = "89",
    pages = "261301",
    year = "2002"
}

@article{Date:2004yz,
    author = "Date, Ghanashyam and Hossain, Golam Mortuza",
    title = "{Genericity of inflation in isotropic loop quantum cosmology}",
    eprint = "gr-qc/0407069",
    archivePrefix = "arXiv",
    reportNumber = "IMSC-2004-07-28",
    doi = "10.1103/PhysRevLett.94.011301",
    journal = "Phys. Rev. Lett.",
    volume = "94",
    pages = "011301",
    year = "2005"
}
